<record><leader>00000cas a22000007a 4500</leader><controlfield tag="001">11414660</controlfield><controlfield tag="008">841121d19161980nyuwr ne      0    0eng d</controlfield><controlfield tag="009">148</controlfield><datafield ind1=" " ind2=" " tag="010"><subfield code="a">sn 84031794 </subfield></datafield><datafield ind1=" " ind2=" " tag="040"><subfield code="a">NYG</subfield><subfield code="b">eng</subfield><subfield code="c">NYG</subfield><subfield code="d">NYS</subfield><subfield code="d">OCLCQ</subfield></datafield><datafield ind1="1" ind2=" " tag="029"><subfield code="a">AU@</subfield><subfield code="b">000020430329</subfield></datafield><datafield ind1=" " ind2=" " tag="042"><subfield code="a">msc</subfield></datafield><datafield ind1="0" ind2=" " tag="130"><subfield code="a">Journal and courier (Groton, N.Y.)</subfield></datafield><datafield ind1="0" ind2="4" tag="245"><subfield code="a">The journal and courier.</subfield></datafield><datafield ind1="3" ind2="0" tag="246"><subfield code="a">Journal courier</subfield></datafield><datafield ind1="1" ind2="3" tag="246"><subfield code="a">Groton and Lansing journal and Locke courier</subfield></datafield><datafield ind1=" " ind2=" " tag="260"><subfield code="a">Groton, Tompkins County, N.Y. :</subfield><subfield code="b">M.V. Atwood</subfield></datafield><datafield ind1=" " ind2=" " tag="300"><subfield code="a">v.</subfield></datafield><datafield ind1=" " ind2=" " tag="310"><subfield code="a">Weekly,</subfield><subfield code="b">Sept. 2, 1970-Oct. 8, 1980</subfield></datafield><datafield ind1=" " ind2=" " tag="321"><subfield code="a">Weekly,</subfield><subfield code="b">Mar. 22, 1916-Mar. 1970</subfield></datafield><datafield ind1=" " ind2=" " tag="321"><subfield code="a">Semiweekly,</subfield><subfield code="b">Mar. 24-Aug. 27, 1970</subfield></datafield><datafield ind1="0" ind2=" " tag="362"><subfield code="a">Vol. 50, no. 29 (Mar. 22, 1916)-no. 41 (Oct. 8, 1980).</subfield></datafield><datafield ind1=" " ind2=" " tag="500"><subfield code="a">Published as: Journal courier, Nov. 16, 1967-Apr. 28, 1970.</subfield></datafield><datafield ind1=" " ind2=" " tag="515"><subfield code="a">Volume numbering discontinued in 1967.</subfield></datafield><datafield ind1=" " ind2="4" tag="651"><subfield code="a">Groton (N.Y.)</subfield><subfield code="v">Newspapers.</subfield></datafield><datafield ind1=" " ind2=" " tag="752"><subfield code="a">United States</subfield><subfield code="b">New York</subfield><subfield code="c">Tompkins</subfield><subfield code="d">Groton.</subfield></datafield><datafield ind1="0" ind2="0" tag="780"><subfield code="t">Groton and Lansing journal and Locke courier</subfield><subfield code="w">(DLC)sn 840 31797</subfield></datafield><datafield ind1="0" ind2="5" tag="780"><subfield code="t">Weekly Ithacan</subfield><subfield code="w">(DLC)sn 85026723</subfield></datafield><datafield ind1="0" ind2="0" tag="785"><subfield code="t">Groton journal courier</subfield><subfield code="w">(DLC)sn 86033357</subfield></datafield></record>